@article{Greene:1998pb,
    author = "Greene, Patrick B. and Kofman, Lev and Starobinsky, Alexei A.",
    title = "{Sine-Gordon parametric resonance}",
    eprint = "hep-ph/9808477",
    archivePrefix = "arXiv",
    reportNumber = "CITA-98-33",
    doi = "10.1016/S0550-3213(99)00018-8",
    journal = "Nucl. Phys. B",
    volume = "543",
    pages = "423--443",
    year = "1999"
}
@article{Zhang:2017flu,
    author = "Zhang, Ui-Han and Chiueh, Tzihong",
    title = "{Evolution of linear wave dark matter perturbations in the radiation-dominated era}",
    eprint = "1702.07065",
    archivePrefix = "arXiv",
    primaryClass = "astro-ph.CO",
    doi = "10.1103/PhysRevD.96.023507",
    journal = "Phys. Rev. D",
    volume = "96",
    number = "2",
    pages = "023507",
    year = "2017"
}
@article{Arvanitaki:2019rax,
    author = "Arvanitaki, Asimina and Dimopoulos, Savas and Galanis, Marios and Lehner, Luis and Thompson, Jedidiah O. and Van Tilburg, Ken",
    title = "{Large-misalignment mechanism for the formation of compact axion structures: Signatures from the QCD axion to fuzzy dark matter}",
    eprint = "1909.11665",
    archivePrefix = "arXiv",
    primaryClass = "astro-ph.CO",
    doi = "10.1103/PhysRevD.101.083014",
    journal = "Phys. Rev. D",
    volume = "101",
    number = "8",
    pages = "083014",
    year = "2020"
}
@article{Marsh:2015xka,
    author = "Marsh, David J. E.",
    title = "{Axion Cosmology}",
    eprint = "1510.07633",
    archivePrefix = "arXiv",
    primaryClass = "astro-ph.CO",
    reportNumber = "KCL-PH-TH-2015-50",
    doi = "10.1016/j.physrep.2016.06.005",
    journal = "Phys. Rept.",
    volume = "643",
    pages = "1--79",
    year = "2016"
}
@article{Baumann:2018muz,
    author = "Baumann, Daniel",
    title = "{Primordial Cosmology}",
    eprint = "1807.03098",
    archivePrefix = "arXiv",
    primaryClass = "hep-th",
    doi = "10.22323/1.305.0009",
    journal = "PoS",
    volume = "TASI2017",
    pages = "009",
    year = "2018"
}
@article{Co:2019jts,
    author = "Co, Raymond T. and Hall, Lawrence J. and Harigaya, Keisuke",
    title = "{Axion Kinetic Misalignment Mechanism}",
    eprint = "1910.14152",
    archivePrefix = "arXiv",
    primaryClass = "hep-ph",
    reportNumber = "LCTP-19-28",
    doi = "10.1103/PhysRevLett.124.251802",
    journal = "Phys. Rev. Lett.",
    volume = "124",
    number = "25",
    pages = "251802",
    year = "2020"
}
@article{Borsanyi:2016ksw,
    author = "Borsanyi, Sz. and others",
    title = "{Calculation of the axion mass based on high-temperature lattice quantum chromodynamics}",
    eprint = "1606.07494",
    archivePrefix = "arXiv",
    primaryClass = "hep-lat",
    reportNumber = "DESY-16-105",
    doi = "10.1038/nature20115",
    journal = "Nature",
    volume = "539",
    number = "7627",
    pages = "69--71",
    year = "2016"
}
@article{Fonseca:2019ypl,
    author = "Fonseca, Nayara and Morgante, Enrico and Sato, Ryosuke and Servant, G\'eraldine",
    title = "{Axion fragmentation}",
    eprint = "1911.08472",
    archivePrefix = "arXiv",
    primaryClass = "hep-ph",
    reportNumber = "DESY 19-202, DESY-19-202, MITP/19-079",
    doi = "10.1007/JHEP04(2020)010",
    journal = "JHEP",
    volume = "04",
    pages = "010",
    year = "2020"
}
@article{Aghanim:2018eyx,
    author = "Aghanim, N. and others",
    collaboration = "Planck",
    title = "{Planck 2018 results. VI. Cosmological parameters}",
    eprint = "1807.06209",
    archivePrefix = "arXiv",
    primaryClass = "astro-ph.CO",
    doi = "10.1051/0004-6361/201833910",
    journal = "Astron. Astrophys.",
    volume = "641",
    pages = "A6",
    year = "2020"
}
@article{Co:2020jtv,
    author = "Co, Raymond T. and Fernandez, Nicolas and Ghalsasi, Akshay and Hall, Lawrence J. and Harigaya, Keisuke",
    title = "{Lepto-Axiogenesis}",
    eprint = "2006.05687",
    archivePrefix = "arXiv",
    primaryClass = "hep-ph",
    month = "6",
    year = "2020"
}
@article{Starobinsky:1994bd,
    author = "Starobinsky, Alexei A. and Yokoyama, Junichi",
    title = "{Equilibrium state of a selfinteracting scalar field in the De Sitter background}",
    eprint = "astro-ph/9407016",
    archivePrefix = "arXiv",
    reportNumber = "YITP-U-94-12",
    doi = "10.1103/PhysRevD.50.6357",
    journal = "Phys. Rev. D",
    volume = "50",
    pages = "6357--6368",
    year = "1994"
}
@article{Wu:2020pej,
    author = "Wu, Yi-Peng and Petraki, Kalliopi",
    title = "{Stochastic Baryogenesis}",
    eprint = "2008.08549",
    archivePrefix = "arXiv",
    primaryClass = "hep-ph",
    reportNumber = "Nikhef-2020-025",
    doi = "10.1088/1475-7516/2021/01/022",
    journal = "JCAP",
    volume = "01",
    pages = "022",
    year = "2021"
}
@article{Enander:2017ogx,
    author = "Enander, Jonas and Pargner, Andreas and Schwetz, Thomas",
    title = "{Axion minicluster power spectrum and mass function}",
    eprint = "1708.04466",
    archivePrefix = "arXiv",
    primaryClass = "astro-ph.CO",
    doi = "10.1088/1475-7516/2017/12/038",
    journal = "JCAP",
    volume = "12",
    pages = "038",
    year = "2017"
}
@article{Zentner:2006vw,
    author = "Zentner, Andrew R.",
    title = "{The Excursion Set Theory of Halo Mass Functions, Halo Clustering, and Halo Growth}",
    eprint = "astro-ph/0611454",
    archivePrefix = "arXiv",
    doi = "10.1142/S0218271807010511",
    journal = "Int. J. Mod. Phys. D",
    volume = "16",
    pages = "763--816",
    year = "2007"
}
@article{Vilenkin:1983xp,
    author = "Vilenkin, Alexander",
    title = "{Quantum Fluctuations in the New Inflationary Universe}",
    reportNumber = "TUTP-83-2",
    doi = "10.1016/0550-3213(83)90208-0",
    journal = "Nucl. Phys. B",
    volume = "226",
    pages = "527--546",
    year = "1983"
}
@article{Enqvist:1987au,
    author = "Enqvist, K. and Ng, K. W. and Olive, Keith A.",
    title = "{Scalar Field Fluctuations in the Early Universe}",
    reportNumber = "UMN-TH-633-87, HU-TFT-87-38",
    doi = "10.1016/0550-3213(88)90427-0",
    journal = "Nucl. Phys. B",
    volume = "303",
    pages = "713",
    year = "1988"
}
@article{Kolb:1994fi,
    author = "Kolb, Edward W. and Tkachev, Igor I.",
    title = "{Large amplitude isothermal fluctuations and high density dark matter clumps}",
    eprint = "astro-ph/9403011",
    archivePrefix = "arXiv",
    reportNumber = "FERMILAB-PUB-94-055-A",
    doi = "10.1103/PhysRevD.50.769",
    journal = "Phys. Rev. D",
    volume = "50",
    pages = "769--773",
    year = "1994"
}
@article{Ellis:2020gtq,
    author = "Ellis, David and Marsh, David J. E. and Behrens, Christoph",
    title = "{Axion Miniclusters Made Easy}",
    eprint = "2006.08637",
    archivePrefix = "arXiv",
    primaryClass = "astro-ph.CO",
    doi = "10.1103/PhysRevD.103.083525",
    journal = "Phys. Rev. D",
    volume = "103",
    number = "8",
    pages = "083525",
    year = "2021"
}
@article{Maggiore:2009rv,
    author = "Maggiore, Michele and Riotto, Antonio",
    title = "{The Halo Mass Function from Excursion Set Theory. I. Gaussian fluctuations with non-Markovian dependence on the smoothing scale}",
    eprint = "0903.1249",
    archivePrefix = "arXiv",
    primaryClass = "astro-ph.CO",
    doi = "10.1088/0004-637X/711/2/907",
    journal = "Astrophys. J.",
    volume = "711",
    pages = "907--927",
    year = "2010"
}
@Book{maggiore2008gravitational,
 author = {Maggiore, Michele},
 title = {Gravitational waves},
 publisher = {Oxford University Press},
 year = {2008},
 address = {Oxford},
 isbn = {978-0-19-875528-9}
 }
 @article{Bardeen:1980kt,
    author = "Bardeen, James M.",
    title = "{Gauge Invariant Cosmological Perturbations}",
    doi = "10.1103/PhysRevD.22.1882",
    journal = "Phys. Rev. D",
    volume = "22",
    pages = "1882--1905",
    year = "1980"
}
@article{Weinberg:2002kg,
    author = "Weinberg, Steven",
    title = "{Cosmological fluctuations of short wavelength}",
    eprint = "astro-ph/0207375",
    archivePrefix = "arXiv",
    reportNumber = "UTTG-06-02",
    doi = "10.1086/344441",
    journal = "Astrophys. J.",
    volume = "581",
    pages = "810--816",
    year = "2002"
}

@article{Marsh:2021lqg,
    author = "Marsh, David J. E. and Hoof, Sebastian",
    title = "{Astrophysical Searches and Constraints on Ultralight Bosonic Dark Matter}",
    eprint = "2106.08797",
    archivePrefix = "arXiv",
    primaryClass = "hep-ph",
    reportNumber = "KCL-PH-TH/2021-40",
    month = "6",
    year = "2021"
}
@article{Hwang:2009js,
    author = "Hwang, Jai-chan and Noh, Hyerim",
    title = "{Axion as a Cold Dark Matter candidate}",
    eprint = "0902.4738",
    archivePrefix = "arXiv",
    primaryClass = "astro-ph.CO",
    doi = "10.1016/j.physletb.2009.08.031",
    journal = "Phys. Lett. B",
    volume = "680",
    pages = "1--3",
    year = "2009"
}
@article{Park_2012,
   title={Axion as a cold dark matter candidate: Low-mass case},
   volume={86},
   ISSN={1550-2368},
   url={http://dx.doi.org/10.1103/PhysRevD.86.083535},
   DOI={10.1103/physrevd.86.083535},
   number={8},
   journal={Physical Review D},
   publisher={American Physical Society (APS)},
   author={Park, Chan-Gyung and Hwang, Jai-chan and Noh, Hyerim},
   year={2012},
   month={Oct}
}
@article{Hlozek:2014lca,
    author = "Hlozek, Ren\'ee and Grin, Daniel and Marsh, David J. E. and Ferreira, Pedro G.",
    title = "{A search for ultralight axions using precision cosmological data}",
    eprint = "1410.2896",
    archivePrefix = "arXiv",
    primaryClass = "astro-ph.CO",
    doi = "10.1103/PhysRevD.91.103512",
    journal = "Phys. Rev. D",
    volume = "91",
    number = "10",
    pages = "103512",
    year = "2015"
}
@article{CAST:2017uph,
    author = "Anastassopoulos, V. and others",
    collaboration = "CAST",
    title = "{New CAST Limit on the Axion-Photon Interaction}",
    eprint = "1705.02290",
    archivePrefix = "arXiv",
    primaryClass = "hep-ex",
    doi = "10.1038/nphys4109",
    journal = "Nature Phys.",
    volume = "13",
    pages = "584--590",
    year = "2017"
}
@article{Ayala:2014pea,
    author = "Ayala, Adrian and Dom\'\i{}nguez, Inma and Giannotti, Maurizio and Mirizzi, Alessandro and Straniero, Oscar",
    title = "{Revisiting the bound on axion-photon coupling from Globular Clusters}",
    eprint = "1406.6053",
    archivePrefix = "arXiv",
    primaryClass = "astro-ph.SR",
    doi = "10.1103/PhysRevLett.113.191302",
    journal = "Phys. Rev. Lett.",
    volume = "113",
    number = "19",
    pages = "191302",
    year = "2014"
}
@article{Bardeen:1985tr,
    author = "Bardeen, James M. and Bond, J. R. and Kaiser, Nick and Szalay, A. S.",
    title = "{The Statistics of Peaks of Gaussian Random Fields}",
    reportNumber = "FERMILAB-PUB-85-148-A, NSF-ITP-85-93",
    doi = "10.1086/164143",
    journal = "Astrophys. J.",
    volume = "304",
    pages = "15--61",
    year = "1986"
}
@article{Lewis:1999bs,
    author = "Lewis, Antony and Challinor, Anthony and Lasenby, Anthony",
    title = "{Efficient computation of CMB anisotropies in closed FRW models}",
    eprint = "astro-ph/9911177",
    archivePrefix = "arXiv",
    doi = "10.1086/309179",
    journal = "Astrophys. J.",
    volume = "538",
    pages = "473--476",
    year = "2000"
}
@article{Howlett:2012mh,
    author = "Howlett, Cullan and Lewis, Antony and Hall, Alex and Challinor, Anthony",
    title = "{CMB power spectrum parameter degeneracies in the era of precision cosmology}",
    eprint = "1201.3654",
    archivePrefix = "arXiv",
    primaryClass = "astro-ph.CO",
    doi = "10.1088/1475-7516/2012/04/027",
    journal = "JCAP",
    volume = "04",
    pages = "027",
    year = "2012"
}
@book{Weinberg:2008zzc,
    author = "Weinberg, Steven",
    title = "{Cosmology}",
    isbn = "978-0-19-852682-7",
    year = "2008"
}
@article{Eisenstein:1997ik,
    author = "Eisenstein, Daniel J. and Hu, Wayne",
    title = "{Baryonic features in the matter transfer function}",
    eprint = "astro-ph/9709112",
    archivePrefix = "arXiv",
    reportNumber = "IASSNS-AST-97-51",
    doi = "10.1086/305424",
    journal = "Astrophys. J.",
    volume = "496",
    pages = "605",
    year = "1998"
}
@article{Hu:2000ke,
    author = "Hu, Wayne and Barkana, Rennan and Gruzinov, Andrei",
    title = "{Cold and fuzzy dark matter}",
    eprint = "astro-ph/0003365",
    archivePrefix = "arXiv",
    doi = "10.1103/PhysRevLett.85.1158",
    journal = "Phys. Rev. Lett.",
    volume = "85",
    pages = "1158--1161",
    year = "2000"
}
@article{Press:1973iz,
    author = "Press, William H. and Schechter, Paul",
    title = "{Formation of galaxies and clusters of galaxies by selfsimilar gravitational condensation}",
    doi = "10.1086/152650",
    journal = "Astrophys. J.",
    volume = "187",
    pages = "425--438",
    year = "1974"
}
@book{mo2010,
      title     = "Galaxy Formation and Evolution",
      author    = "Houjun Mo and Frank van den Bosch and Simon White",
      year      = 2010,
      publisher = "Cambridge University Press",
      address   = "New York, NY"
    }

@article{Bond:1990iw,
    author = "Bond, J. R. and Cole, S. and Efstathiou, G. and Kaiser, Nick",
    title = "{Excursion set mass functions for hierarchical Gaussian fluctuations}",
    reportNumber = "CFPA-TH-90-015",
    doi = "10.1086/170520",
    journal = "Astrophys. J.",
    volume = "379",
    pages = "440",
    year = "1991"
}
@article{Vaquero:2018tib,
    author = "Vaquero, Alejandro and Redondo, Javier and Stadler, Julia",
    title = "{Early seeds of axion miniclusters}",
    eprint = "1809.09241",
    archivePrefix = "arXiv",
    primaryClass = "astro-ph.CO",
    doi = "10.1088/1475-7516/2019/04/012",
    journal = "JCAP",
    volume = "04",
    pages = "012",
    year = "2019"
}
@article{Navarro:1996gj,
    author = "Navarro, Julio F. and Frenk, Carlos S. and White, Simon D. M.",
    title = "{A Universal density profile from hierarchical clustering}",
    eprint = "astro-ph/9611107",
    archivePrefix = "arXiv",
    doi = "10.1086/304888",
    journal = "Astrophys. J.",
    volume = "490",
    pages = "493--508",
    year = "1997"
}
@article{Sheth:1999su,
    author = "Sheth, Ravi K. and Mo, H. J. and Tormen, Giuseppe",
    title = "{Ellipsoidal collapse and an improved model for the number and spatial distribution of dark matter haloes}",
    eprint = "astro-ph/9907024",
    archivePrefix = "arXiv",
    doi = "10.1046/j.1365-8711.2001.04006.x",
    journal = "Mon. Not. Roy. Astron. Soc.",
    volume = "323",
    pages = "1",
    year = "2001"
}
@article{Lacey:1993iv,
    author = "Lacey, Cedric G. and Cole, Shaun",
    title = "{Merger rates in hierarchical models of galaxy formation}",
    journal = "Mon. Not. Roy. Astron. Soc.",
    volume = "262",
    pages = "627--649",
    year = "1993"
}
@article{Lacey:1994su,
    author = "Lacey, Cedric G. and Cole, Shaun",
    title = "{Merger rates in hierarchical models of galaxy formation. 2. Comparison with N body simulations}",
    eprint = "astro-ph/9402069",
    archivePrefix = "arXiv",
    doi = "10.1093/mnras/271.3.676",
    journal = "Mon. Not. Roy. Astron. Soc.",
    volume = "271",
    pages = "676",
    year = "1994"
}
@article{Berges:2019dgr,
    author = {Berges, J\"urgen and Chatrchyan, Aleksandr and Jaeckel, Joerg},
    title = "{Foamy Dark Matter from Monodromies}",
    eprint = "1903.03116",
    archivePrefix = "arXiv",
    primaryClass = "hep-ph",
    doi = "10.1088/1475-7516/2019/08/020",
    journal = "JCAP",
    volume = "08",
    pages = "020",
    year = "2019"
}
@book{goldsteinClassicalMechanics2001,
  title = {Classical {{Mechanics}}},
  author = {Goldstein, Herbert and Poole, Charles and Safko, John},
  year = {2001},
  month = jun,
  edition = {3rd edition},
  publisher = {{Pearson}},
  address = {{San Francisco Munich}},
  abstract = {For 30 years, this book has been the acknowledged standard in advanced classical mechanics courses. This classic book enables readers to make connections between classical and modern physics \rule{1em}{1pt} an indispensable part of a physicist's education. In this new edition, Beams Medal winner Charles Poole and John Safko have updated the book to include the latest topics, applications, and notation to reflect today's physics curriculum.},
  isbn = {978-0-201-65702-9},
  langid = {english}
}
@book{landauMechanicsVolume1976,
  title = {Mechanics: Volume 1},
  shorttitle = {Mechanics},
  author = {Landau, L. D. and Lifshitz, E. M.},
  year = {1976},
  month = jan,
  edition = {3rd edition},
  publisher = {{Butterworth-Heinemann}},
  address = {{Oxford New York}},
  abstract = {Devoted to the foundation of mechanics, namely classical Newtonian mechanics, the subject is based mainly on Galileo's principle of relativity and Hamilton's principle of least action. The exposition is simple and leads to the most complete direct means of solving problems in mechanics.The final sections on adiabatic invariants have been revised and augmented. In addition a short biography of L D Landau has been inserted.},
  isbn = {978-0-7506-2896-9},
  langid = {english}
}
@article{Masso:2005zg,
    author = "Masso, Eduard and Rota, Francesc and Zsembinszki, Gabriel",
    title = "{Scalar field oscillations contributing to dark energy}",
    eprint = "astro-ph/0501381",
    archivePrefix = "arXiv",
    reportNumber = "UAB-FT-577",
    doi = "10.1103/PhysRevD.72.084007",
    journal = "Phys. Rev. D",
    volume = "72",
    pages = "084007",
    year = "2005"
}
@book{Hill1966,
  title     = {Hill's Equation},
  author    = {Magnus, Wilhelm and Winkler, Stanley},
  year      = 1966,
  publisher = {John Wiley \& Sons},
  address   = {New York}
}
@article{Linde:1991km,
    author = "Linde, Andrei D.",
    title = "{Axions in inflationary cosmology}",
    reportNumber = "SU-ITP-883",
    doi = "10.1016/0370-2693(91)90130-I",
    journal = "Phys. Lett. B",
    volume = "259",
    pages = "38--47",
    year = "1991"
}
@article{Eroncel:2022a,
    author = "Er{\"o}ncel, Cem and Sato, Ryosuke and Servant, Géraldine and S\o{}rensen, Philip",
    title = "{Model implementations of axion kinetic fragmentation}",
    journal = "{}",
    pages = "to appear",
    year = "2022"
}
@article{Co:2020dya,
    author = "Co, Raymond T. and Hall, Lawrence J. and Harigaya, Keisuke and Olive, Keith A. and Verner, Sarunas",
    title = "{Axion Kinetic Misalignment and Parametric Resonance from Inflation}",
    eprint = "2004.00629",
    archivePrefix = "arXiv",
    primaryClass = "hep-ph",
    reportNumber = "LCTP-20-06, UMN-TH-3912/20, FTPI-MINN-20/02",
    doi = "10.1088/1475-7516/2020/08/036",
    journal = "JCAP",
    volume = "08",
    pages = "036",
    year = "2020"
}
@article{Riotto:2002yw,
    author = "Riotto, Antonio",
    editor = "Dvali, G. and Perez-Lorenzana, Abdel and Senjanovic, G. and Thompson, G. and Vissani, F.",
    title = "{Inflation and the theory of cosmological perturbations}",
    eprint = "hep-ph/0210162",
    archivePrefix = "arXiv",
    reportNumber = "DFPD-TH-02-22",
    journal = "ICTP Lect. Notes Ser.",
    volume = "14",
    pages = "317--413",
    year = "2003"
}
@article{Eroncel:2022b,
    author = "Er{\"o}ncel, Cem and Sato, Ryosuke and Servant, Géraldine and Simakachorn, Peera",
    title = "{}",
    journal = "{}",
    pages = "to appear",
    year = "2022"
}
@article{Kitajima:2021inh,
    author = "Kitajima, Naoya and Kogai, Kazuhiro and Urakawa, Yuko",
    title = "{New scenario of QCD axion clump formation I: Linear analysis}",
    eprint = "2111.05785",
    archivePrefix = "arXiv",
    primaryClass = "astro-ph.CO",
    month = "11",
    year = "2021"
}
@article{Sikivie:2021trt,
    author = "Sikivie, Pierre and Xue, Wei",
    title = "{Resonant excitation of the axion field during the QCD phase transition}",
    eprint = "2110.13157",
    archivePrefix = "arXiv",
    primaryClass = "hep-ph",
    month = "10",
    year = "2021"
}

@article{Lee:2020wfn,
    author = "Lee, Vincent S. H. and Mitridate, Andrea and Trickle, Tanner and Zurek, Kathryn M.",
    title = "{Probing Small-Scale Power Spectra with Pulsar Timing Arrays}",
    eprint = "2012.09857",
    archivePrefix = "arXiv",
    primaryClass = "astro-ph.CO",
    doi = "10.1007/JHEP06(2021)028",
    journal = "JHEP",
    volume = "06",
    pages = "028",
    year = "2021"
}
@article{Graham:2015rva,
    author = "Graham, Peter W. and Mardon, Jeremy and Rajendran, Surjeet",
    title = "{Vector Dark Matter from Inflationary Fluctuations}",
    eprint = "1504.02102",
    archivePrefix = "arXiv",
    primaryClass = "hep-ph",
    doi = "10.1103/PhysRevD.93.103520",
    journal = "Phys. Rev. D",
    volume = "93",
    number = "10",
    pages = "103520",
    year = "2016"
}
@article{Alonso-Alvarez:2018tus,
    author = "Alonso-\'Alvarez, Gonzalo and Jaeckel, Joerg",
    title = "{Lightish but clumpy: scalar dark matter from inflationary fluctuations}",
    eprint = "1807.09785",
    archivePrefix = "arXiv",
    primaryClass = "hep-ph",
    doi = "10.1088/1475-7516/2018/10/022",
    journal = "JCAP",
    volume = "10",
    pages = "022",
    year = "2018"
}
@ARTICLE{2020SciPy-NMeth,
  author  = {Virtanen, Pauli and Gommers, Ralf and Oliphant, Travis E. and
            Haberland, Matt and Reddy, Tyler and Cournapeau, David and
            Burovski, Evgeni and Peterson, Pearu and Weckesser, Warren and
            Bright, Jonathan and {van der Walt}, St{\'e}fan J. and
            Brett, Matthew and Wilson, Joshua and Millman, K. Jarrod and
            Mayorov, Nikolay and Nelson, Andrew R. J. and Jones, Eric and
            Kern, Robert and Larson, Eric and Carey, C J and
            Polat, {\.I}lhan and Feng, Yu and Moore, Eric W. and
            {VanderPlas}, Jake and Laxalde, Denis and Perktold, Josef and
            Cimrman, Robert and Henriksen, Ian and Quintero, E. A. and
            Harris, Charles R. and Archibald, Anne M. and
            Ribeiro, Ant{\^o}nio H. and Pedregosa, Fabian and
            {van Mulbregt}, Paul and {SciPy 1.0 Contributors}},
  title   = {{{SciPy} 1.0: Fundamental Algorithms for Scientific
            Computing in Python}},
  journal = {Nature Methods},
  year    = {2020},
  volume  = {17},
  pages   = {261--272},
  adsurl  = {https://rdcu.be/b08Wh},
  doi     = {10.1038/s41592-019-0686-2},
}
@article{Zhang:2017dpp,
    author = "Zhang, Ui-Han and Chiueh, Tzihong",
    title = "{Cosmological Perturbations of Extreme Axion in the Radiation Era}",
    eprint = "1705.01439",
    archivePrefix = "arXiv",
    primaryClass = "astro-ph.CO",
    doi = "10.1103/PhysRevD.96.063522",
    journal = "Phys. Rev. D",
    volume = "96",
    number = "6",
    pages = "063522",
    year = "2017"
}
@article{Arbey:2018zfh,
    author = "Arbey, A. and Auffinger, J. and Hickerson, K. P. and Jenssen, E. S.",
    title = "{AlterBBN v2: A public code for calculating Big-Bang nucleosynthesis constraints in alternative cosmologies}",
    eprint = "1806.11095",
    archivePrefix = "arXiv",
    primaryClass = "astro-ph.CO",
    reportNumber = "CERN-TH-2018-146",
    doi = "10.1016/j.cpc.2019.106982",
    journal = "Comput. Phys. Commun.",
    volume = "248",
    pages = "106982",
    year = "2020"
}

@article{Zyla:2020zbs,
    author = "Zyla, P.A. and others",
    collaboration = "Particle Data Group",
    title = "{Review of Particle Physics}",
    doi = "10.1093/ptep/ptaa104",
    journal = "PTEP",
    volume = "2020",
    number = "8",
    pages = "083C01",
    year = "2020"
}
@software{ciaran_o_hare_2020_3932430,
  author       = {Ciaran O'HARE},
  title        = {cajohare/AxionLimits: AxionLimits},
  month        = jul,
  year         = 2020,
  publisher    = {Zenodo},
  version      = {v1.0},
  doi          = {10.5281/zenodo.3932430},
  url          = {https://doi.org/10.5281/zenodo.3932430}
}
@article{Zurek:2006sy,
    author = "Zurek, Kathryn M. and Hogan, Craig J. and Quinn, Thomas R.",
    title = "{Astrophysical Effects of Scalar Dark Matter Miniclusters}",
    eprint = "astro-ph/0607341",
    archivePrefix = "arXiv",
    doi = "10.1103/PhysRevD.75.043511",
    journal = "Phys. Rev. D",
    volume = "75",
    pages = "043511",
    year = "2007"
}
@article{Fairbairn:2017sil,
    author = "Fairbairn, Malcolm and Marsh, David J. E. and Quevillon, J\'er\'emie and Rozier, Simon",
    title = "{Structure formation and microlensing with axion miniclusters}",
    eprint = "1707.03310",
    archivePrefix = "arXiv",
    primaryClass = "astro-ph.CO",
    reportNumber = "KCL-PH-TH-2017-33, KCL-PH-TH/2017-33",
    doi = "10.1103/PhysRevD.97.083502",
    journal = "Phys. Rev. D",
    volume = "97",
    number = "8",
    pages = "083502",
    year = "2018"
}
@article{Marsh:2015daa,
    author = "Marsh, David J. E.",
    title = "{Nonlinear hydrodynamics of axion dark matter: Relative velocity effects and quantum forces}",
    eprint = "1504.00308",
    archivePrefix = "arXiv",
    primaryClass = "astro-ph.CO",
    doi = "10.1103/PhysRevD.91.123520",
    journal = "Phys. Rev. D",
    volume = "91",
    number = "12",
    pages = "123520",
    year = "2015"
}
@article{Fixsen2009,
   title={THE TEMPERATURE OF THE COSMIC MICROWAVE BACKGROUND},
   volume={707},
   ISSN={1538-4357},
   url={http://dx.doi.org/10.1088/0004-637X/707/2/916},
   DOI={10.1088/0004-637x/707/2/916},
   number={2},
   journal={The Astrophysical Journal},
   publisher={American Astronomical Society},
   author={Fixsen, D. J.},
   year={2009},
   month={Nov},
   pages={916–920} }
@article{Saikawa:2018rcs,
    author = "Saikawa, Ken'ichi and Shirai, Satoshi",
    title = "{Primordial gravitational waves, precisely: The role of thermodynamics in the Standard Model}",
    eprint = "1803.01038",
    archivePrefix = "arXiv",
    primaryClass = "hep-ph",
    reportNumber = "IPMU18-0037, MPP-2018-19",
    doi = "10.1088/1475-7516/2018/05/035",
    journal = "JCAP",
    volume = "05",
    pages = "035",
    year = "2018"
}
@article{Kibble_1976,
	doi = {10.1088/0305-4470/9/8/029},
	url = {https://doi.org/10.1088/0305-4470/9/8/029},
	year = 1976,
	month = {aug},
	publisher = {{IOP} Publishing},
	volume = {9},
	number = {8},
	pages = {1387--1398},
	author = {T W B Kibble},
	title = {Topology of cosmic domains and strings},
	journal = {Journal of Physics A: Mathematical and General},
	abstract = {The possible domain structures which can arise in the universe in a spontaneously broken gauge theory are studied. It is shown that the formation of domain wall, strings or monopoles depends on the homotopy groups of the manifold of degenerate vacua. The subsequent evolution of these structures is investigated. It is argued that while theories generating domain walls can probably be eliminated (because of their unacceptable gravitational effects), a cosmic network of strings may well have been formed and may have had important cosmological effects.}
}
@article{PhysRevLett.48.1867,
  title = {Cosmic Strings and Domain Walls in Models with Goldstone and Pseudo-Goldstone Bosons},
  author = {Vilenkin, Alexander and Everett, Allen E.},
  journal = {Phys. Rev. Lett.},
  volume = {48},
  issue = {26},
  pages = {1867--1870},
  numpages = {0},
  year = {1982},
  month = {Jun},
  publisher = {American Physical Society},
  doi = {10.1103/PhysRevLett.48.1867},
  url = {https://link.aps.org/doi/10.1103/PhysRevLett.48.1867}
}
@article{PhysRevD.26.435,
  title = {Walls bounded by strings},
  author = {Kibble, T. W. B. and Lazarides, G. and Shafi, Q.},
  journal = {Phys. Rev. D},
  volume = {26},
  issue = {2},
  pages = {435--439},
  numpages = {0},
  year = {1982},
  month = {Jul},
  publisher = {American Physical Society},
  doi = {10.1103/PhysRevD.26.435},
  url = {https://link.aps.org/doi/10.1103/PhysRevD.26.435}
}
@article{Du:2016zcv,
    author = "Du, Xiaolong and Behrens, Christoph and Niemeyer, Jens C.",
    title = "{Substructure of fuzzy dark matter haloes}",
    eprint = "1608.02575",
    archivePrefix = "arXiv",
    primaryClass = "astro-ph.CO",
    doi = "10.1093/mnras/stw2724",
    journal = "Mon. Not. Roy. Astron. Soc.",
    volume = "465",
    number = "1",
    pages = "941--951",
    year = "2017"
}
@article{OHare:2021zrq,
    author = "O'Hare, Ciaran A. J. and Pierobon, Giovanni and Redondo, Javier and Wong, Yvonne Y. Y.",
    title = "{Simulations of axion-like particles in the post-inflationary scenario}",
    eprint = "2112.05117",
    archivePrefix = "arXiv",
    primaryClass = "hep-ph",
    month = "12",
    year = "2021"
}
@article{Blinov:2019rhb,
    author = "Blinov, Nikita and Dolan, Matthew J and Draper, Patrick and Kozaczuk, Jonathan",
    title = "{Dark matter targets for axionlike particle searches}",
    eprint = "1905.06952",
    archivePrefix = "arXiv",
    primaryClass = "hep-ph",
    reportNumber = "FERMILAB-PUB-19-197-A-T",
    doi = "10.1103/PhysRevD.100.015049",
    journal = "Phys. Rev. D",
    volume = "100",
    number = "1",
    pages = "015049",
    year = "2019"
}
@article{Sanchez-Conde:2013yxa,
    author = "S\'anchez-Conde, Miguel A. and Prada, Francisco",
    title = "{The flattening of the concentration\textendash{}mass relation towards low halo masses and its implications for the annihilation signal boost}",
    eprint = "1312.1729",
    archivePrefix = "arXiv",
    primaryClass = "astro-ph.CO",
    doi = "10.1093/mnras/stu1014",
    journal = "Mon. Not. Roy. Astron. Soc.",
    volume = "442",
    number = "3",
    pages = "2271--2277",
    year = "2014"
}
@article{Eggemeier:2019khm,
    author = "Eggemeier, Benedikt and Redondo, Javier and Dolag, Klaus and Niemeyer, Jens C. and Vaquero, Alejandro",
    title = "{First Simulations of Axion Minicluster Halos}",
    eprint = "1911.09417",
    archivePrefix = "arXiv",
    primaryClass = "astro-ph.CO",
    doi = "10.1103/PhysRevLett.125.041301",
    journal = "Phys. Rev. Lett.",
    volume = "125",
    number = "4",
    pages = "041301",
    year = "2020"
}
@article{Niemeyer:2019aqm,
    author = "Niemeyer, Jens C.",
    title = "{Small-scale structure of fuzzy and axion-like dark matter}",
    eprint = "1912.07064",
    archivePrefix = "arXiv",
    primaryClass = "astro-ph.CO",
    doi = "10.1016/j.ppnp.2020.103787",
    month = "12",
    year = "2019"
}
@article{Schive:2014dra,
    author = "Schive, Hsi-Yu and Chiueh, Tzihong and Broadhurst, Tom",
    title = "{Cosmic Structure as the Quantum Interference of a Coherent Dark Wave}",
    eprint = "1406.6586",
    archivePrefix = "arXiv",
    primaryClass = "astro-ph.GA",
    doi = "10.1038/nphys2996",
    journal = "Nature Phys.",
    volume = "10",
    pages = "496--499",
    year = "2014"
}
@article{Schive:2014hza,
    author = "Schive, Hsi-Yu and Liao, Ming-Hsuan and Woo, Tak-Pong and Wong, Shing-Kwong and Chiueh, Tzihong and Broadhurst, Tom and Hwang, W. -Y. Pauchy",
    title = "{Understanding the Core-Halo Relation of Quantum Wave Dark Matter from 3D Simulations}",
    eprint = "1407.7762",
    archivePrefix = "arXiv",
    primaryClass = "astro-ph.GA",
    doi = "10.1103/PhysRevLett.113.261302",
    journal = "Phys. Rev. Lett.",
    volume = "113",
    number = "26",
    pages = "261302",
    year = "2014"
}
@article{PhysRev.187.1767,
  title = {Systems of Self-Gravitating Particles in General Relativity and the Concept of an Equation of State},
  author = {Ruffini, Remo and Bonazzola, Silvano},
  journal = {Phys. Rev.},
  volume = {187},
  issue = {5},
  pages = {1767--1783},
  numpages = {0},
  year = {1969},
  month = {Nov},
  publisher = {American Physical Society},
  doi = {10.1103/PhysRev.187.1767},
  url = {https://link.aps.org/doi/10.1103/PhysRev.187.1767}
}
@article{PhysRevLett.66.1659,
  title = {Oscillating soliton stars},
  author = {Seidel, Edward and Suen, Wai-Mo},
  journal = {Phys. Rev. Lett.},
  volume = {66},
  issue = {13},
  pages = {1659--1662},
  numpages = {0},
  year = {1991},
  month = {Apr},
  publisher = {American Physical Society},
  doi = {10.1103/PhysRevLett.66.1659},
  url = {https://link.aps.org/doi/10.1103/PhysRevLett.66.1659}
}
@article{Liddle:1992fmk,
    author = "Liddle, Andrew R. and Madsen, Mark S.",
    title = "{The Structure and formation of boson stars}",
    reportNumber = "SUSSEX-AST-92-2-1",
    doi = "10.1142/S0218271892000057",
    journal = "Int. J. Mod. Phys. D",
    volume = "1",
    pages = "101--144",
    year = "1992"
}
@article{Diez-Tejedor:2013sza,
    author = "Diez-Tejedor, Alberto and Gonzalez-Morales, Alma X.",
    title = "{No-go theorem for static scalar field dark matter halos with no Noether charges}",
    eprint = "1306.4400",
    archivePrefix = "arXiv",
    primaryClass = "gr-qc",
    doi = "10.1103/PhysRevD.88.067302",
    journal = "Phys. Rev. D",
    volume = "88",
    pages = "067302",
    year = "2013"
}
@article{Seidel:1993zk,
    author = "Seidel, Edward and Suen, Wai-Mo",
    title = "{Formation of solitonic stars through gravitational cooling}",
    eprint = "gr-qc/9309015",
    archivePrefix = "arXiv",
    reportNumber = "PRINT-93-0724 (NCSA,URBANA)",
    doi = "10.1103/PhysRevLett.72.2516",
    journal = "Phys. Rev. Lett.",
    volume = "72",
    pages = "2516--2519",
    year = "1994"
}
@article{Guzman:2006yc,
    author = "Guzman, F. Siddhartha and Urena-Lopez, L. Arturo",
    title = "{Gravitational cooling of self-gravitating Bose-Condensates}",
    eprint = "astro-ph/0603613",
    archivePrefix = "arXiv",
    doi = "10.1086/504508",
    journal = "Astrophys. J.",
    volume = "645",
    pages = "814--819",
    year = "2006"
}
@article{Bogolyubsky:1976yu,
    author = "Bogolyubsky, I. L. and Makhankov, V. G.",
    title = "{Lifetime of Pulsating Solitons in Some Classical Models}",
    journal = "Pisma Zh. Eksp. Teor. Fiz.",
    volume = "24",
    pages = "15--18",
    year = "1976"
}
@article{Gleiser:1993pt,
    author = "Gleiser, Marcelo",
    title = "{Pseudostable bubbles}",
    eprint = "hep-ph/9308279",
    archivePrefix = "arXiv",
    reportNumber = "DART-HEP-93-05",
    doi = "10.1103/PhysRevD.49.2978",
    journal = "Phys. Rev. D",
    volume = "49",
    pages = "2978--2981",
    year = "1994"
}
@article{Copeland:1995fq,
    author = "Copeland, Edmund J. and Gleiser, M. and Muller, H. -R.",
    title = "{Oscillons: Resonant configurations during bubble collapse}",
    eprint = "hep-ph/9503217",
    archivePrefix = "arXiv",
    reportNumber = "SUSX-TH-95-3-3, FERMILAB-PUB-95-021-A, DART-HEP-95-01",
    doi = "10.1103/PhysRevD.52.1920",
    journal = "Phys. Rev. D",
    volume = "52",
    pages = "1920--1933",
    year = "1995"
}
@article{Olle:2019kbo,
    author = "Oll\'e, Jan and Pujol\`as, Oriol and Rompineve, Fabrizio",
    title = "{Oscillons and Dark Matter}",
    eprint = "1906.06352",
    archivePrefix = "arXiv",
    primaryClass = "hep-ph",
    doi = "10.1088/1475-7516/2020/02/006",
    journal = "JCAP",
    volume = "02",
    pages = "006",
    year = "2020"
}
@article{Kulkarni:2020pnb,
    author = "Kulkarni, Mihir and Ostriker, Jeremiah P.",
    title = "{What is the halo mass function in a fuzzy dark matter cosmology?}",
    eprint = "2011.02116",
    archivePrefix = "arXiv",
    primaryClass = "astro-ph.CO",
    doi = "10.1093/mnras/stab3520",
    journal = "Mon. Not. Roy. Astron. Soc.",
    volume = "510",
    number = "1",
    pages = "1425--1430",
    year = "2021"
}
@article{Marsh:2013ywa,
    author = "Marsh, David J. E. and Silk, Joe",
    title = "{A Model For Halo Formation With Axion Mixed Dark Matter}",
    eprint = "1307.1705",
    archivePrefix = "arXiv",
    primaryClass = "astro-ph.CO",
    doi = "10.1093/mnras/stt2079",
    journal = "Mon. Not. Roy. Astron. Soc.",
    volume = "437",
    number = "3",
    pages = "2652--2663",
    year = "2014"
}
@article{Bozek:2014uqa,
    author = "Bozek, Brandon and Marsh, David J. E. and Silk, Joseph and Wyse, Rosemary F. G.",
    title = "{Galaxy UV-luminosity function and reionization constraints on axion dark matter}",
    eprint = "1409.3544",
    archivePrefix = "arXiv",
    primaryClass = "astro-ph.CO",
    doi = "10.1093/mnras/stv624",
    journal = "Mon. Not. Roy. Astron. Soc.",
    volume = "450",
    number = "1",
    pages = "209--222",
    year = "2015"
}
@article{Chatrchyan:2020pzh,
    author = "Chatrchyan, Aleksandr and Jaeckel, Joerg",
    title = "{Gravitational waves from the fragmentation of axion-like particle dark matter}",
    eprint = "2004.07844",
    archivePrefix = "arXiv",
    primaryClass = "hep-ph",
    doi = "10.1088/1475-7516/2021/02/003",
    journal = "JCAP",
    volume = "02",
    pages = "003",
    year = "2021"
}
@article{Janssen:2014dka,
    author = "Janssen, Gemma and others",
    editor = "Bourke, Tyler L. and others",
    title = "{Gravitational wave astronomy with the SKA}",
    eprint = "1501.00127",
    archivePrefix = "arXiv",
    primaryClass = "astro-ph.IM",
    doi = "10.22323/1.215.0037",
    journal = "PoS",
    volume = "AASKA14",
    pages = "037",
    year = "2015"
}
@article{VanTilburg:2018ykj,
    author = "Van Tilburg, Ken and Taki, Anna-Maria and Weiner, Neal",
    title = "{Halometry from Astrometry}",
    eprint = "1804.01991",
    archivePrefix = "arXiv",
    primaryClass = "astro-ph.CO",
    doi = "10.1088/1475-7516/2018/07/041",
    journal = "JCAP",
    volume = "07",
    pages = "041",
    year = "2018"
}
@ARTICLE{2018A&A...616A...1G,
       author = {{Gaia Collaboration} and {Brown}, A.~G.~A. and {Vallenari}, A. and {Prusti}, T. and {de Bruijne}, J.~H.~J. and {Babusiaux}, C. and {Bailer-Jones}, C.~A.~L. and {Biermann}, M. and {Evans}, D.~W. and {Eyer}, L. and {Jansen}, F. and {Jordi}, C. and {Klioner}, S.~A. and {Lammers}, U. and {Lindegren}, L. and {Luri}, X. and {Mignard}, F. and {Panem}, C. and {Pourbaix}, D. and {Randich}, S. and {Sartoretti}, P. and {Siddiqui}, H.~I. and {Soubiran}, C. and {van Leeuwen}, F. and {Walton}, N.~A. and {Arenou}, F. and {Bastian}, U. and {Cropper}, M. and {Drimmel}, R. and {Katz}, D. and {Lattanzi}, M.~G. and {Bakker}, J. and {Cacciari}, C. and {Casta{\~n}eda}, J. and {Chaoul}, L. and {Cheek}, N. and {De Angeli}, F. and {Fabricius}, C. and {Guerra}, R. and {Holl}, B. and {Masana}, E. and {Messineo}, R. and {Mowlavi}, N. and {Nienartowicz}, K. and {Panuzzo}, P. and {Portell}, J. and {Riello}, M. and {Seabroke}, G.~M. and {Tanga}, P. and {Th{\'e}venin}, F. and {Gracia-Abril}, G. and {Comoretto}, G. and {Garcia-Reinaldos}, M. and {Teyssier}, D. and {Altmann}, M. and {Andrae}, R. and {Audard}, M. and {Bellas-Velidis}, I. and {Benson}, K. and {Berthier}, J. and {Blomme}, R. and {Burgess}, P. and {Busso}, G. and {Carry}, B. and {Cellino}, A. and {Clementini}, G. and {Clotet}, M. and {Creevey}, O. and {Davidson}, M. and {De Ridder}, J. and {Delchambre}, L. and {Dell'Oro}, A. and {Ducourant}, C. and {Fern{\'a}ndez-Hern{\'a}ndez}, J. and {Fouesneau}, M. and {Fr{\'e}mat}, Y. and {Galluccio}, L. and {Garc{\'\i}a-Torres}, M. and {Gonz{\'a}lez-N{\'u}{\~n}ez}, J. and {Gonz{\'a}lez-Vidal}, J.~J. and {Gosset}, E. and {Guy}, L.~P. and {Halbwachs}, J. -L. and {Hambly}, N.~C. and {Harrison}, D.~L. and {Hern{\'a}ndez}, J. and {Hestroffer}, D. and {Hodgkin}, S.~T. and {Hutton}, A. and {Jasniewicz}, G. and {Jean-Antoine-Piccolo}, A. and {Jordan}, S. and {Korn}, A.~J. and {Krone-Martins}, A. and {Lanzafame}, A.~C. and {Lebzelter}, T. and {L{\"o}ffler}, W. and {Manteiga}, M. and {Marrese}, P.~M. and {Mart{\'\i}n-Fleitas}, J.~M. and {Moitinho}, A. and {Mora}, A. and {Muinonen}, K. and {Osinde}, J. and {Pancino}, E. and {Pauwels}, T. and {Petit}, J. -M. and {Recio-Blanco}, A. and {Richards}, P.~J. and {Rimoldini}, L. and {Robin}, A.~C. and {Sarro}, L.~M. and {Siopis}, C. and {Smith}, M. and {Sozzetti}, A. and {S{\"u}veges}, M. and {Torra}, J. and {van Reeven}, W. and {Abbas}, U. and {Abreu Aramburu}, A. and {Accart}, S. and {Aerts}, C. and {Altavilla}, G. and {{\'A}lvarez}, M.~A. and {Alvarez}, R. and {Alves}, J. and {Anderson}, R.~I. and {Andrei}, A.~H. and {Anglada Varela}, E. and {Antiche}, E. and {Antoja}, T. and {Arcay}, B. and {Astraatmadja}, T.~L. and {Bach}, N. and {Baker}, S.~G. and {Balaguer-N{\'u}{\~n}ez}, L. and {Balm}, P. and {Barache}, C. and {Barata}, C. and {Barbato}, D. and {Barblan}, F. and {Barklem}, P.~S. and {Barrado}, D. and {Barros}, M. and {Barstow}, M.~A. and {Bartholom{\'e} Mu{\~n}oz}, S. and {Bassilana}, J. -L. and {Becciani}, U. and {Bellazzini}, M. and {Berihuete}, A. and {Bertone}, S. and {Bianchi}, L. and {Bienaym{\'e}}, O. and {Blanco-Cuaresma}, S. and {Boch}, T. and {Boeche}, C. and {Bombrun}, A. and {Borrachero}, R. and {Bossini}, D. and {Bouquillon}, S. and {Bourda}, G. and {Bragaglia}, A. and {Bramante}, L. and {Breddels}, M.~A. and {Bressan}, A. and {Brouillet}, N. and {Br{\"u}semeister}, T. and {Brugaletta}, E. and {Bucciarelli}, B. and {Burlacu}, A. and {Busonero}, D. and {Butkevich}, A.~G. and {Buzzi}, R. and {Caffau}, E. and {Cancelliere}, R. and {Cannizzaro}, G. and {Cantat-Gaudin}, T. and {Carballo}, R. and {Carlucci}, T. and {Carrasco}, J.~M. and {Casamiquela}, L. and {Castellani}, M. and {Castro-Ginard}, A. and {Charlot}, P. and {Chemin}, L. and {Chiavassa}, A. and {Cocozza}, G. and {Costigan}, G. and {Cowell}, S. and {Crifo}, F. and {Crosta}, M. and {Crowley}, C. and {Cuypers}, J. and {Dafonte}, C. and {Damerdji}, Y. and {Dapergolas}, A. and {David}, P. and {David}, M. and {de Laverny}, P. and {De Luise}, F. and {De March}, R. and {de Martino}, D. and {de Souza}, R. and {de Torres}, A. and {Debosscher}, J. and {del Pozo}, E. and {Delbo}, M. and {Delgado}, A. and {Delgado}, H.~E. and {Di Matteo}, P. and {Diakite}, S. and {Diener}, C. and {Distefano}, E. and {Dolding}, C. and {Drazinos}, P. and {Dur{\'a}n}, J. and {Edvardsson}, B. and {Enke}, H. and {Eriksson}, K. and {Esquej}, P. and {Eynard Bontemps}, G. and {Fabre}, C. and {Fabrizio}, M. and {Faigler}, S. and {Falc{\~a}o}, A.~J. and {Farr{\`a}s Casas}, M. and {Federici}, L. and {Fedorets}, G. and {Fernique}, P. and {Figueras}, F. and {Filippi}, F. and {Findeisen}, K. and {Fonti}, A. and {Fraile}, E. and {Fraser}, M. and {Fr{\'e}zouls}, B. and {Gai}, M. and {Galleti}, S. and {Garabato}, D. and {Garc{\'\i}a-Sedano}, F. and {Garofalo}, A. and {Garralda}, N. and {Gavel}, A. and {Gavras}, P. and {Gerssen}, J. and {Geyer}, R. and {Giacobbe}, P. and {Gilmore}, G. and {Girona}, S. and {Giuffrida}, G. and {Glass}, F. and {Gomes}, M. and {Granvik}, M. and {Gueguen}, A. and {Guerrier}, A. and {Guiraud}, J. and {Guti{\'e}rrez-S{\'a}nchez}, R. and {Haigron}, R. and {Hatzidimitriou}, D. and {Hauser}, M. and {Haywood}, M. and {Heiter}, U. and {Helmi}, A. and {Heu}, J. and {Hilger}, T. and {Hobbs}, D. and {Hofmann}, W. and {Holland}, G. and {Huckle}, H.~E. and {Hypki}, A. and {Icardi}, V. and {Jan{\ss}en}, K. and {Jevardat de Fombelle}, G. and {Jonker}, P.~G. and {Juh{\'a}sz}, {\'A}. L. and {Julbe}, F. and {Karampelas}, A. and {Kewley}, A. and {Klar}, J. and {Kochoska}, A. and {Kohley}, R. and {Kolenberg}, K. and {Kontizas}, M. and {Kontizas}, E. and {Koposov}, S.~E. and {Kordopatis}, G. and {Kostrzewa-Rutkowska}, Z. and {Koubsky}, P. and {Lambert}, S. and {Lanza}, A.~F. and {Lasne}, Y. and {Lavigne}, J. -B. and {Le Fustec}, Y. and {Le Poncin-Lafitte}, C. and {Lebreton}, Y. and {Leccia}, S. and {Leclerc}, N. and {Lecoeur-Taibi}, I. and {Lenhardt}, H. and {Leroux}, F. and {Liao}, S. and {Licata}, E. and {Lindstr{\o}m}, H.~E.~P. and {Lister}, T.~A. and {Livanou}, E. and {Lobel}, A. and {L{\'o}pez}, M. and {Managau}, S. and {Mann}, R.~G. and {Mantelet}, G. and {Marchal}, O. and {Marchant}, J.~M. and {Marconi}, M. and {Marinoni}, S. and {Marschalk{\'o}}, G. and {Marshall}, D.~J. and {Martino}, M. and {Marton}, G. and {Mary}, N. and {Massari}, D. and {Matijevi{\v{c}}}, G. and {Mazeh}, T. and {McMillan}, P.~J. and {Messina}, S. and {Michalik}, D. and {Millar}, N.~R. and {Molina}, D. and {Molinaro}, R. and {Moln{\'a}r}, L. and {Montegriffo}, P. and {Mor}, R. and {Morbidelli}, R. and {Morel}, T. and {Morris}, D. and {Mulone}, A.~F. and {Muraveva}, T. and {Musella}, I. and {Nelemans}, G. and {Nicastro}, L. and {Noval}, L. and {O'Mullane}, W. and {Ord{\'e}novic}, C. and {Ord{\'o}{\~n}ez-Blanco}, D. and {Osborne}, P. and {Pagani}, C. and {Pagano}, I. and {Pailler}, F. and {Palacin}, H. and {Palaversa}, L. and {Panahi}, A. and {Pawlak}, M. and {Piersimoni}, A.~M. and {Pineau}, F. -X. and {Plachy}, E. and {Plum}, G. and {Poggio}, E. and {Poujoulet}, E. and {Pr{\v{s}}a}, A. and {Pulone}, L. and {Racero}, E. and {Ragaini}, S. and {Rambaux}, N. and {Ramos-Lerate}, M. and {Regibo}, S. and {Reyl{\'e}}, C. and {Riclet}, F. and {Ripepi}, V. and {Riva}, A. and {Rivard}, A. and {Rixon}, G. and {Roegiers}, T. and {Roelens}, M. and {Romero-G{\'o}mez}, M. and {Rowell}, N. and {Royer}, F. and {Ruiz-Dern}, L. and {Sadowski}, G. and {Sagrist{\`a} Sell{\'e}s}, T. and {Sahlmann}, J. and {Salgado}, J. and {Salguero}, E. and {Sanna}, N. and {Santana-Ros}, T. and {Sarasso}, M. and {Savietto}, H. and {Schultheis}, M. and {Sciacca}, E. and {Segol}, M. and {Segovia}, J.~C. and {S{\'e}gransan}, D. and {Shih}, I. -C. and {Siltala}, L. and {Silva}, A.~F. and {Smart}, R.~L. and {Smith}, K.~W. and {Solano}, E. and {Solitro}, F. and {Sordo}, R. and {Soria Nieto}, S. and {Souchay}, J. and {Spagna}, A. and {Spoto}, F. and {Stampa}, U. and {Steele}, I.~A. and {Steidelm{\"u}ller}, H. and {Stephenson}, C.~A. and {Stoev}, H. and {Suess}, F.~F. and {Surdej}, J. and {Szabados}, L. and {Szegedi-Elek}, E. and {Tapiador}, D. and {Taris}, F. and {Tauran}, G. and {Taylor}, M.~B. and {Teixeira}, R. and {Terrett}, D. and {Teyssandier}, P. and {Thuillot}, W. and {Titarenko}, A. and {Torra Clotet}, F. and {Turon}, C. and {Ulla}, A. and {Utrilla}, E. and {Uzzi}, S. and {Vaillant}, M. and {Valentini}, G. and {Valette}, V. and {van Elteren}, A. and {Van Hemelryck}, E. and {van Leeuwen}, M. and {Vaschetto}, M. and {Vecchiato}, A. and {Veljanoski}, J. and {Viala}, Y. and {Vicente}, D. and {Vogt}, S. and {von Essen}, C. and {Voss}, H. and {Votruba}, V. and {Voutsinas}, S. and {Walmsley}, G. and {Weiler}, M. and {Wertz}, O. and {Wevers}, T. and {Wyrzykowski}, {\L}. and {Yoldas}, A. and {{\v{Z}}erjal}, M. and {Ziaeepour}, H. and {Zorec}, J. and {Zschocke}, S. and {Zucker}, S. and {Zurbach}, C. and {Zwitter}, T.},
        title = "{Gaia Data Release 2. Summary of the contents and survey properties}",
      journal = {Astronomy \& Astrophysics},
     keywords = {catalogs, astrometry, techniques: radial velocities, stars: fundamental parameters, stars: variables: general, minor planets, asteroids: general, Astrophysics - Astrophysics of Galaxies, Astrophysics - Instrumentation and Methods for Astrophysics},
         year = 2018,
        month = aug,
       volume = {616},
          eid = {A1},
        pages = {A1},
          doi = {10.1051/0004-6361/201833051},
archivePrefix = {arXiv},
       eprint = {1804.09365},
 primaryClass = {astro-ph.GA},
       adsurl = {https://ui.adsabs.harvard.edu/abs/2018A&A...616A...1G},
      adsnote = {Provided by the SAO/NASA Astrophysics Data System}
}
@ARTICLE{2004NewAR..48.1473F,
       author = {{Fomalont}, E. and {Reid}, M.},
        title = "{Microarcsecond astrometry using the SKA}",
      journal = {New Astronomy Reviews},
     keywords = {Astrophysics},
         year = 2004,
        month = dec,
       volume = {48},
       number = {11-12},
        pages = {1473-1482},
          doi = {10.1016/j.newar.2004.09.037},
archivePrefix = {arXiv},
       eprint = {astro-ph/0409611},
 primaryClass = {astro-ph},
       adsurl = {https://ui.adsabs.harvard.edu/abs/2004NewAR..48.1473F},
      adsnote = {Provided by the SAO/NASA Astrophysics Data System}
}
@article{Theia:2017xtk,
    author = "Boehm, C\'eline and others",
    collaboration = "Theia",
    title = "{Theia: Faint objects in motion or the new astrometry frontier}",
    eprint = "1707.01348",
    archivePrefix = "arXiv",
    primaryClass = "astro-ph.IM",
    month = "7",
    year = "2017"
}
@ARTICLE{1986ApJ...304....1P,
       author = {{Paczynski}, B.},
        title = "{Gravitational Microlensing by the Galactic Halo}",
      journal = {Astrophysical Journal},
     keywords = {Gravitational Lenses, Halos, Milky Way Galaxy, Optical Thickness, Point Sources, Stellar Gravitation, Variable Stars, Astrophysics, GALAXIES: MAGELLANIC CLOUDS, GRAVITATION, STARS: VARIABLES},
         year = 1986,
        month = may,
       volume = {304},
        pages = {1},
          doi = {10.1086/164140},
       adsurl = {https://ui.adsabs.harvard.edu/abs/1986ApJ...304....1P},
      adsnote = {Provided by the SAO/NASA Astrophysics Data System}
}
@article{Dai:2019lud,
    author = "Dai, Liang and Miralda-Escud\'e, Jordi",
    title = "{Gravitational Lensing Signatures of Axion Dark Matter Minihalos in Highly Magnified Stars}",
    eprint = "1908.01773",
    archivePrefix = "arXiv",
    primaryClass = "astro-ph.CO",
    doi = "10.3847/1538-3881/ab5e83",
    journal = "Astron. J.",
    volume = "159",
    number = "2",
    pages = "49",
    year = "2020"
}
@article{Dai:2018enj,
    author = "Dai, Liang and Li, Shun-Sheng and Zackay, Barak and Mao, Shude and Lu, Youjun",
    title = "{Detecting Lensing-Induced Diffraction in Astrophysical Gravitational Waves}",
    eprint = "1810.00003",
    archivePrefix = "arXiv",
    primaryClass = "gr-qc",
    doi = "10.1103/PhysRevD.98.104029",
    journal = "Phys. Rev. D",
    volume = "98",
    number = "10",
    pages = "104029",
    year = "2018"
}
@article{Schmitz:2020syl,
    author = "Schmitz, Kai",
    title = "{New Sensitivity Curves for Gravitational-Wave Signals from Cosmological Phase Transitions}",
    eprint = "2002.04615",
    archivePrefix = "arXiv",
    primaryClass = "hep-ph",
    reportNumber = "CERN-TH-2020-018",
    doi = "10.1007/JHEP01(2021)097",
    journal = "JHEP",
    volume = "01",
    pages = "097",
    year = "2021"
}
@article{Kite:2020uix,
    author = "Kite, Thomas and Ravenni, Andrea and Patil, Subodh P. and Chluba, Jens",
    title = "{Bridging the gap: spectral distortions meet gravitational waves}",
    eprint = "2010.00040",
    archivePrefix = "arXiv",
    primaryClass = "astro-ph.CO",
    doi = "10.1093/mnras/stab1558",
    journal = "Mon. Not. Roy. Astron. Soc.",
    volume = "505",
    number = "3",
    pages = "4396--4405",
    year = "2021"
}
@ARTICLE{1994ApJ...420..439M,
       author = {{Mather}, J.~C. and {Cheng}, E.~S. and {Cottingham}, D.~A. and {Eplee}, R.~E., Jr. and {Fixsen}, D.~J. and {Hewagama}, T. and {Isaacman}, R.~B. and {Jensen}, K.~A. and {Meyer}, S.~S. and {Noerdlinger}, P.~D. and {Read}, S.~M. and {Rosen}, L.~P. and {Shafer}, R.~A. and {Wright}, E.~L. and {Bennett}, C.~L. and {Boggess}, N.~W. and {Hauser}, M.~G. and {Kelsall}, T. and {Moseley}, S.~H., Jr. and {Silverberg}, R.~F. and {Smoot}, G.~F. and {Weiss}, R. and {Wilkinson}, D.~T.},
        title = "{Measurement of the Cosmic Microwave Background Spectrum by the COBE FIRAS Instrument}",
      journal = {Astrophysical Journal},
     keywords = {Background Radiation, Cosmic Rays, Cosmology, Far Infrared Radiation, Infrared Spectrophotometers, Microwave Spectra, Universe, Black Body Radiation, Brightness Distribution, Calibrating, Cosmic Background Explorer Satellite, Data Processing, Error Analysis, Red Shift, Astrophysics, COSMOLOGY: COSMIC MICROWAVE BACKGROUND, COSMOLOGY: EARLY UNIVERSE, COSMOLOGY: OBSERVATIONS},
         year = 1994,
        month = jan,
       volume = {420},
        pages = {439},
          doi = {10.1086/173574},
       adsurl = {https://ui.adsabs.harvard.edu/abs/1994ApJ...420..439M},
      adsnote = {Provided by the SAO/NASA Astrophysics Data System}
}
@article{Fixsen:1996nj,
    author = "Fixsen, D. J. and Cheng, E. S. and Gales, J. M. and Mather, John C. and Shafer, R. A. and Wright, E. L.",
    title = "{The Cosmic Microwave Background spectrum from the full COBE FIRAS data set}",
    eprint = "astro-ph/9605054",
    archivePrefix = "arXiv",
    doi = "10.1086/178173",
    journal = "Astrophys. J.",
    volume = "473",
    pages = "576",
    year = "1996"
}
@ARTICLE{2011JCAP...07..025K,
       author = {{Kogut}, A. and {Fixsen}, D.~J. and {Chuss}, D.~T. and {Dotson}, J. and {Dwek}, E. and {Halpern}, M. and {Hinshaw}, G.~F. and {Meyer}, S.~M. and {Moseley}, S.~H. and {Seiffert}, M.~D. and {Spergel}, D.~N. and {Wollack}, E.~J.},
        title = "{The Primordial Inflation Explorer (PIXIE): a nulling polarimeter for cosmic microwave background observations}",
      journal = {JCAP},
     keywords = {Astrophysics - Cosmology and Nongalactic Astrophysics, Astrophysics - Instrumentation and Methods for Astrophysics},
         year = 2011,
        month = jul,
       volume = {2011},
       number = {7},
          eid = {025},
        pages = {025},
          doi = {10.1088/1475-7516/2011/07/025},
archivePrefix = {arXiv},
       eprint = {1105.2044},
 primaryClass = {astro-ph.CO},
       adsurl = {https://ui.adsabs.harvard.edu/abs/2011JCAP...07..025K},
      adsnote = {Provided by the SAO/NASA Astrophysics Data System}
}
@article{Kogut2019CMB,
    journal = {Bulletin of the AAS},
    number = {7},
    note = {https://baas.aas.org/pub/2020n7i113},
    publisher = {},
    title = {CMB Spectral Distortions: Status and Prospects},
    url = {https://baas.aas.org/pub/2020n7i113},
    volume = {51},
    author = {Kogut, Alan and Abitbol, M. H. and Chluba, J. and Delabrouille, J. and Fixsen, D. and Hill, J.C. and Patil, S.P. and Rotti, A.},
    date = {2019-09-30},
    year = {2019},
    month = {9},
    day = {30},
}
@article{Chluba:2019kpb,
    author = "Chluba, J. and others",
    title = "{Spectral Distortions of the CMB as a Probe of Inflation, Recombination, Structure Formation and Particle Physics}: {Astro2020 Science White Paper}",
    eprint = "1903.04218",
    archivePrefix = "arXiv",
    primaryClass = "astro-ph.CO",
    journal = "Bull. Am. Astron. Soc.",
    volume = "51",
    number = "3",
    pages = "184",
    year = "2019"
}
@article{Arvanitaki:2014wva,
    author = "Arvanitaki, Asimina and Baryakhtar, Masha and Huang, Xinlu",
    title = "{Discovering the QCD Axion with Black Holes and Gravitational Waves}",
    eprint = "1411.2263",
    archivePrefix = "arXiv",
    primaryClass = "hep-ph",
    doi = "10.1103/PhysRevD.91.084011",
    journal = "Phys. Rev. D",
    volume = "91",
    number = "8",
    pages = "084011",
    year = "2015"
}
@article{Madge:2021abk,
    author = "Madge, Eric and Ratzinger, Wolfram and Schmitt, Daniel and Schwaller, Pedro",
    title = "{Audible Axions with a Booster: Stochastic Gravitational Waves from Rotating ALPs}",
    eprint = "2111.12730",
    archivePrefix = "arXiv",
    primaryClass = "hep-ph",
    reportNumber = "MITP-21-063",
    month = "11",
    year = "2021"
}
@article{Dufaux:2007pt,
    author = "Dufaux, Jean Francois and Bergman, Amanda and Felder, Gary N. and Kofman, Lev and Uzan, Jean-Philippe",
    title = "{Theory and Numerics of Gravitational Waves from Preheating after Inflation}",
    eprint = "0707.0875",
    archivePrefix = "arXiv",
    primaryClass = "astro-ph",
    doi = "10.1103/PhysRevD.76.123517",
    journal = "Phys. Rev. D",
    volume = "76",
    pages = "123517",
    year = "2007"
}
